@book{clasificacionRusselNorvig,
    author    = "Stuart J. Russel y Peter Norvig",
    title     = "Artificial Intelligence: A Modern Approach",
    year      = "1995",
    publisher = "Prentice Hall",
    address   = " Englewood Cliffs, New Jersey"
    DOI = "http://citeseerx.ist.psu.edu/viewdoc/download?doi=10.1.1.259.8854&rep=rep1&type=pdf"
}

@misc{conferenciaDartmounth,
    author    = "J. McCarthy, M. L. Minsky, N. Rochester y C.E. Shannon",
    title     = "A proposal for the Dartmounth summer research project on Artificial Intelligence",
    url       = "http://web.archive.org/web/20160310034454/http://www-formal.stanford.edu/jmc/history/dartmouth/dartmouth.html"
}

@misc{dartmounthMcCarthy,
    author    = "Susan Knapp",
    title     = "Artificial Intelligence: Past, Present, and Future",
    url       = "http://www.dartmouth.edu/~vox/0607/0724/ai50.html"
}

@misc{definicionMcCarthy,
    author    = "J. McCarthy",
    title     = "What is Artificial Intelligence?",
    url       = "http://www-formal.stanford.edu/jmc/whatisai/node1.html"
}

@article{testTuring,
  author =       "A. M. Turing",
  title =        "{Computing machinery and intelligence}. ({English})
                 [{On} the Turing test]",
  journal =      "Oxford University Press",
  volume =       "59",
  number =       "236",
  pages =        "28",
  year =         "1950",
  DOI =          "http://cogprints.org/499/1/turing.HTML"
}

@misc{premioLoebner,
    title     = "Home Page of The Loebner Prize in Artificial Intelligence",
    url       = "http://www.loebner.net/Prizef/loebner-prize.html"
}

@article{artLadylovelace,
  author =       "L. F. Menabrea, Anotaciones de Ada Augusta",
  title =        "{Sketch of the Analytical Engine}. ({English})
                 [{On} Conjetura de Lady Lovelace]",
  journal =      "Bibliothèque Universelle de Genève",
  number =       "82",
  year =         "1842",
  DOI =          "http://www.fourmilab.ch/babbage/sketch.html"
}

%TODO: incluir cita completa a este libro:
% Roger Penrose. La nueva mente del emperador.Barcelona: Grijalbo Mondadori. 1991. Página 42


@article{automatasHefeso,
  title={Los aut{\'o}matas de Hefesto o el procedimiento para crear seres procedimentales},
  author={Asensio, Mikel},
  journal={{\'I}ber: Did{\'a}ctica de las Ciencias Sociales, Geograf{\'\i}a e Historia},
  volume={1},
  number={2},
  pages={79--98},
  year={1994},
  DOI = ""
}

@article{filosofiaIA,
  title={El nuevo paradigma filos{\'o}fico de la Inteligencia Artificial},
  author={Sergio Jiménez Cruz},
  journal={Revista digital para profesionales de la enseñanza},
  number={4},
  pages={20},
  year={Septiembre 2009},
  DOI = "https://www.feandalucia.ccoo.es/docu/p5sd5389.pdf"
}

@book{frankenstein,
  title={frankenstein},
  author={Shelley, Mary Wollstonecraft},
  volume={149},
  year={2003},
  publisher={Ediciones Colihue SRL},
  DOI = "https://books.google.es/books?hl=es&lr=&id=n87H0iEvyyYC&oi=fnd&pg=PA5&dq=frankenstein&ots=bnwZ1Y7HG5&sig=TQwhcttLm6CUaVD9Cz7WmvV6Y3I#v=onepage&q=frankenstein&f=false"
}

@book{yoRobot,
  title={Yo, robot},
  author={Asimov, Isaac and Barrett, Manuel Bosch},
  year={2004},
  publisher={Edhasa},
  DOI = "http://www.mercaba.org/SANLUIS/ALiteratura/Literatura\%20contempor\%C3\%A1nea/Asimov,\%20Issac/Yo\%20Robot.PDF"
}

@article{maquinaTuring,
  title={On computable numbers, with an application to the Entscheidungsproblem},
  author={Turing, Alan Mathison},
  journal={J. of Math},
  volume={58},
  number={345-363},
  pages={5},
  year={1936},
  DOI = "https://people.cs.umass.edu/~immerman/cs601/TuringPaper1936.pdf"
}



@article{mcculloch1943,
  title={A logical calculus of the ideas immanent in nervous activity},
  author={McCulloch, Warren S and Pitts, Walter},
  journal={The bulletin of mathematical biophysics},
  volume={5},
  number={4},
  pages={115--133},
  year={1943},
  publisher={Springer},
  DOI = "http://vordenker.de/ggphilosophy/mcculloch_a-logical-calculus.pdf"
}

@inproceedings{lisp,
  title={History of LISP},
  author={McCarthy, John},
  booktitle={History of programming languages I},
  pages={173--185},
  year={1978},
  organization={ACM}
  DOI = "http://jmc.stanford.edu/articles/lisp/lisp.pdf"
}

@article{Mycin,
  title={Computer-based consultations in clinical therapeutics: explanation and rule acquisition capabilities of the MYCIN system},
  author={Shortliffe, Edward H and Davis, Randall and Axline, Stanton G and Buchanan, Bruce G and Green, C Cordell and Cohen, Stanley N},
  journal={Computers and biomedical research},
  volume={8},
  number={4},
  pages={303--320},
  year={1975},
  publisher={Elsevier}
  DOI = "http://s3.amazonaws.com/academia.edu.documents/41783668/Computer-based_consultations_in_clinical20160130-3979-7kv7t6.pdf?AWSAccessKeyId=AKIAJ56TQJRTWSMTNPEA&Expires=1474480883&Signature=BvvbOZaDGCJJLopiq\%2BsMMTWL7rc\%3D&response-content-disposition=inline\%3B\%20filename\%3DComputer-based_consultations_in_clinical.pdf"
}

@book{dendral,
  title={How DENDRAL was conceived and born},
  author={Lederberg, Joshua},
  year={1990},
  publisher={ACM}
  DOI = "https://profiles.nlm.nih.gov/ps/access/BBALYP.pdf"
}

@inproceedings{prolog,
  title={The birth of Prolog},
  author={Colmerauer, Alain and Roussel, Philippe},
  booktitle={History of programming languages---II},
  pages={331--367},
  year={1996},
  organization={ACM}
  DOI = "http://alain.colmerauer.free.fr/alcol/ArchivesPublications/PrologHistory/19november92.pdf"
}

@manual{prolog5a,
author = {Llorens Largo, Faraón y Castel de Haro, Mª Jesús},
title = {Lógica de primer órden, lógica computacional y ampliación de lógica},
date = {1996},
language = {Spanish},
organization = {Universidad de Alicante},
pagetotal = {79},
pubstate = {2011},
DOI = "http://www.infor.uva.es/~teodoro/PrologAlicante.pdf"
}

@inproceedings{gps,
  title={Report on a general problem solving program},
  author={Newell, Allen and Shaw, John C and Simon, Herbert A},
  booktitle={IFIP Congress},
  volume={256},
  pages={64},
  year={1959},
  DOI = "http://129.69.211.95/pdf/rand/ipl/P-1584_Report_On_A_General_Problem-Solving_Program_Feb59.pdf"
}


@article{perceptron,
  title={The perceptron: a probabilistic model for information storage and organization in the brain.},
  author={Rosenblatt, Frank},
  journal={Psychological review},
  volume={65},
  number={6},
  pages={386},
  year={1958},
  publisher={American Psychological Association},
  DOI = "http://www.ling.upenn.edu/courses/cogs501/Rosenblatt1958.pdf"
}

@article{eliza,
  title={ELIZA—a computer program for the study of natural language communication between man and machine},
  author={Weizenbaum, Joseph},
  journal={Communications of the ACM},
  volume={9},
  number={1},
  pages={36--45},
  year={1966},
  publisher={ACM},
  DOI = "http://s3.amazonaws.com/academia.edu.documents/31085335/ElizaScript.pdf?AWSAccessKeyId=AKIAJ56TQJRTWSMTNPEA&Expires=1474482708&Signature=aSOEXAS\%2BmORDc\%2BgEgDSCFYgi6os\%3D&response-content-disposition=inline\%3B\%20filename\%3DELIZA_a_computer_program_for_the_study_o.pdf"
}

@book{moravec,
  title={Mind children},
  author={Moravec, Hans},
  volume={375},
  year={1988},
  publisher={Cambridge Univ Press}
}

@article{deepBlue,
  title={Deep Blue, la máquina que <<humilló>> al ser humano},
  author={Viana, Israel},
  journal={ABC},
  year={01/05/2014},
  DOI = "http://www.abc.es/archivo/20140501/abci-deep-blue-kasparov-201404301111.html"
}

@article{jeopardy,
  title={Computer wins on ‘jeopardy!’: trivial, it’s not},
  author={Markoff, John},
  journal={New York Times},
  volume={16},
  year={2011},
  DOI = "https://progik.mprog.nl/course/30\%20Homework/40\%20Homework\%204/watson.pdf"
}

@article{go,
  title={Artificial intelligence breakthrough as Google's software beats grandmaster of Go, the 'most complex game ever devised},
  author={Griffiths, Sarah},
  journal={Daily Mail},
  year={27/01/2016},
  DOI = "http://www.dailymail.co.uk/sciencetech/article-3419548/March-machines-Computer-BEATS-one-world-s-best-players-ancient-board-game-using-human-like-skills.html"
}

@misc{paHaslum,
    title     = "Home Page of Patrick Haslum",
    url       = "http://users.cecs.anu.edu.au/~patrik/"
}

@thesis{torralba,
  author       = {Torralba Arias de Reyna, Álvaro}, 
  title        = {Symbolic Search and Abstraction Heuristics for Cost-Optimal Planning in Automated Planning},
  school       = {Universidad Carlos III de Madrid},
  year         = 2015,
  month        = 1,
  DOI = "http://e-archivo.uc3m.es/bitstream/handle/10016/21850/tesis_alvaro_torralba_arias_de_reina_2015.pdf?sequence=1&isAllowed=y"
}

@thesis{moises,
  author       = {Martínez Muñoz, Moisés}, 
  title        = {Automated Planning Through Abstractions in Real World Environments},
  school       = {Universidad Carlos III de Madrid},
  year         = 2013,
  DOI = "http://plg.inf.uc3m.es/~mmartin/papers/thesis-proposal-Moises-Martinez.pdf"
}

@article{strips,
  title={STRIPS: A new approach to the application of theorem proving to problem solving},
  author={Fikes, Richard E and Nilsson, Nils J},
  journal={Artificial intelligence},
  volume={2},
  number={3-4},
  pages={189--208},
  year={1971},
  publisher={Elsevier}
}

@book{sistemasRestringidos,
  title={Automated planning: theory \& practice},
  author={Ghallab, Malik and Nau, Dana and Traverso, Paolo},
  year={2004},
  publisher={Elsevier}
}


@article{adl,
  title={ADL and the state-transition model of action},
  author={Pednault, Edwin PD},
  journal={Journal of logic and computation},
  volume={4},
  number={5},
  pages={467--512},
  year={1994},
  publisher={Oxford Univ Press}
}

@article{cwa,
  title={A logic for default reasoning},
  author={Reiter, Raymond},
  journal={Artificial intelligence},
  volume={13},
  number={1},
  pages={81--132},
  year={1980},
  publisher={Elsevier},
  DOI = "http://www.umiacs.umd.edu/~horty/courses/readings/reiter-default-1980.pdf"
}

@article{pddl,
  title={PDDL—The Planning Domain Definition Language Version 1.2},
  author={Aeronautiques, Constructions and Howe, Adele and Knoblock, Craig and McDermott, ISI Drew and Ram, Ashwin and Veloso, Manuela and Weld, Daniel and SRI, David Wilkins and Barrett, Anthony and Christianson, Dave and others},
  year={1998}
}

@inproceedings{sat,
  title={Pushing the envelope: Planning, propositional logic, and stochastic search},
  author={Kautz, Henry and Selman, Bart},
  booktitle={Proceedings of the National Conference on Artificial Intelligence},
  pages={1194--1201},
  year={1996}
}

@thesis{DeLaRosa,
  author       = {De la Rosa Turbides, Tomás}, 
  title        = {Razonamiento Basado en Casos Aplicado a la Planificación Heurística},
  school       = {Universidad Carlos III de Madrid},
  year         = 2009,
  month        = 1,
  DOI = "http://e-archivo.uc3m.es/bitstream/handle/10016/9713/Tesis_TdelaRosa_CBR.pdf?sequence=1&isAllowed=y"
}

@article{solOptima,
  title={Planning as heuristic search},
  author={Bonet, Blai and Geffner, H{\'e}ctor},
  journal={Artificial Intelligence},
  volume={129},
  number={1},
  pages={5--33},
  year={2001},
  publisher={Elsevier}
}

@inproceedings{gruposHeuristicas,
  title={Landmarks, critical paths and abstractions: what's the difference anyway?},
  author={Helmert, Malte and Domshlak, Carmel},
  booktitle={Dagstuhl Seminar Proceedings},
  year={2010},
  organization={Schloss Dagstuhl-Leibniz-Zentrum f{\"u}r Informatik}
}

@article{FF,
  title={The FF planning system: Fast plan generation through heuristic search},
  author={Hoffmann, J{\"o}rg and Nebel, Bernhard},
  journal={Journal of Artificial Intelligence Research},
  volume={14},
  pages={253--302},
  year={2001}
}

@misc{ipc2014,
    title     = "Home Page of IPC from 2014",
    url       = "https://helios.hud.ac.uk/scommv/IPC-14/"
}

@misc{mff,
    title     = "Metric-FF Homepage",
    url       = "https://fai.cs.uni-saarland.de/hoffmann/metric-ff.html"
}

@Article{ff1,
  author = 	 {J{\"o}rg Hoffmann and Bernhard Nebel},
  title = 	 {The {FF} Planning System: Fast Plan Generation Through Heuristic Search},
  journal = 	 jair,
  year = 	 {2001},
  volume =	 {14},
  pages =	 {253-302}
}

@misc{mffIPC3,
    title     = "FF and METRIC-FF 
in the 3RD INTERNATIONAL PLANNING COMPETITION",
    url       = "https://fai.cs.uni-saarland.de/hoffmann/2002.html"
}

@misc{conformant,
    title     = "Conformant-FF",
    url       = "https://fai.cs.uni-saarland.de/hoffmann/cff.html"
}

@article{fastDownward,
  title={The Fast Downward Planning System},
  author={Malte Helmert},
  journal={Journal of Artificial Intelligence Research},
  volume={26},
  pages={191-246},
  year={2006}
}

@article{lpg,
  title={LPG: a Planner based on Local Search for Planning Graphs},
  author={Alfonso Gerevini e Ivan Serina},
  journal={Proceedings of the Sixth International Conference on Artificial Intelligence Planning and Scheduling (AIPS'02)},
  year={2002}
}

@article{empresaGrande,
  title={Las empresas que tengan hasta 250 trabajadores también serán consideradas pymes},
  author={EFE},
  journal={20 Minutos},
  year={2013}
  %http://www.20minutos.es/noticia/1948020/0/empresas-hasta/250-trabajadores/consideradas-pymes/
}

@article{backstrom1995complexity,
  title={Complexity results for SAS+ planning},
  author={B{\"a}ckstr{\"o}m, Christer and Nebel, Bernhard},
  journal={Computational Intelligence},
  volume={11},
  number={4},
  pages={625--655},
  year={1995},
  publisher={Wiley Online Library}
}

@article{chrpa2010generation,
  title={Generation of macro-operators via investigation of action dependencies in plans},
  author={Chrpa, Luk{\'a}{\v{s}}},
  journal={The Knowledge Engineering Review},
  volume={25},
  number={03},
  pages={281--297},
  year={2010},
  publisher={Cambridge Univ Press}
}

@inproceedings{areces2014optimizing,
  title={Optimizing planning domains by automatic action schema splitting},
  author={Areces, Carlos Eduardo and Bustos, Facundo and Dominguez, Mart{\'\i}n and Hoffmann, J{\"o}rg},
  booktitle={Twenty-Fourth International Conference on Automated Planning and Scheduling},
  year={2014}
}

@article{fuentetaja2016compiling,
  title={Compiling irrelevant objects to counters. Special case of creation planning},
  author={Fuentetaja, Raquel and de la Rosa, Tom{\'a}s},
  journal={AI Communications},
  volume={29},
  number={3},
  pages={435--467},
  year={2016},
  publisher={IOS Press}
}
@article{riddleimproving,
  title={Improving Performance by Reformulating PDDL into a Bagged Representation},
  author={Riddle, Pat and Douglas, Jordan and Barley, Mike and Franco, Santiago},
  journal={Heuristics and Search for Domain-independent Planning (HSDIP)},
  pages={28}
}

@inproceedings{riddle2011does,
  title={Does Representation Matter in the Planning Competition?},
  author={Riddle, Patricia J and Holte, Robert C and Barley, Michael W},
  booktitle={SARA},
  year={2011}
}

@inproceedings{riddle2015bagged,
  title={Bagged representations in PDDL},
  author={Riddle, Pat and Barley, Mike and Franco, Santiago and Douglas, Jordan},
  booktitle={4th Workshop on the Intl Planning Competition},
  pages={17--23},
  year={2015}
}